<?xml version="1.0" encoding="UTF-8"?><collection xmlns="http://www.loc.gov/MARC21/slim"><record><leader>00622nam--2200193-i-4500</leader><controlfield tag="001">000012965</controlfield><controlfield tag="002">20161230</controlfield><controlfield tag="005">20161230201030</controlfield><controlfield tag="008">060222s1000------------r-----000-0-eng-d</controlfield><datafield ind1=" " ind2=" " tag="040"><subfield code="a">IFIN-HH</subfield></datafield><datafield ind1=" " ind2=" " tag="080"><subfield code="a">519.1</subfield></datafield><datafield ind1="1" ind2=" " tag="100"><subfield code="a">Holton, D.A</subfield></datafield><datafield ind1="1" ind2="0" tag="245"><subfield code="a">Combinatorial mathematics</subfield><subfield code="b">Proceedings of the International Conference on Combinatorial Theory Camberra, August 16-27,1977</subfield><subfield code="c">D.A. Holton ; Jennifer Seberry</subfield></datafield><datafield ind1=" " ind2=" " tag="260"><subfield code="a">Berlin, Springer-verlag, 1978</subfield></datafield><datafield ind1=" " ind2=" " tag="300"><subfield code="a">IX+353 P</subfield></datafield><datafield ind1=" " ind2=" " tag="490"><subfield code="a">Lectures Notes in Mathematics</subfield><subfield code="v">vol. 686</subfield></datafield><datafield ind1="1" ind2="0" tag="700"><subfield code="a">Seberry, Jennifer</subfield></datafield><datafield ind1=" " ind2=" " tag="852"><subfield code="a">46902</subfield><subfield code="c">519.2</subfield></datafield><datafield ind1=" " ind2=" " tag="CAT"><subfield code="a">Sys</subfield><subfield code="c">20100607</subfield><subfield code="h">091936</subfield></datafield></record></collection>